\begin{bibliography}{10}
@online{android-home,
	author = {Google Inc.},
	title = {Android},
	year = {2015},
	month = July,
	day = 10,
	howpublished = {https://www.android.com/}
}

@online{iOS-home,
	author = {Apple Inc.},
	title = {iOS},
	year = {2015},
	month = July,
	day = 10,
	howpublished = {https://www.apple.com/ios/}
}

@online{WindowsPhone-home,
	author = {Microsoft Corp.},
	title = {Windows Phone},
	year = {2015},
	month = July,
	day = 10,
	howpublished = {https://www.windowsphone.com/en-gb}
}

@online{idc-smartphone-marketshare,
	author = {IDC Corporate USA},
	title = {Smartphone OS Market Share, Q1 2015},
	year = {2015},
	month = July,
	howpublished = {http://www.idc.com/prodserv/smartphone-os-market-share.jsp}
}

@article{farukiandroid,
	title={Android Security: A Survey of Issues, Malware Penetration and Defenses},
	author={Faruki, Parvez and Bharmal, Ammar and Laxmi, Vijay and Ganmoor, Vijay and Gaur, Manoj and Conti, Marco and Muttukrishnan, Raj},
	publisher={IEEE}
}

@article{suarez2014evolution,
	title={Evolution, detection and analysis of malware for smart devices},
	author={Suarez-Tangil, Guillermo and Tapiador, Juan E and Peris-Lopez, Pedro and Ribagorda, Arturo},
	journal={Communications Surveys \& Tutorials, IEEE},
	volume={16},
	number={2},
	pages={961--987},
	year={2014},
	publisher={IEEE}
}

\end{bibliography}