\begin{bibliography}{10}
\end{bibliography}
