\begin{bibliography}{10}
@article{brenner2004trojan,
  title={Trojan Horse Defense in Cybercrime Cases, The},
  author={Brenner, Susan W and Carrier, Brian and Henninger, Jef},
  journal={Santa Clara Computer \& High Tech. LJ},
  volume={21},
  pages={1},
  year={2004},
  publisher={HeinOnline}
}

@online{smartphone-market,
	author = {Gartner Inc.},
	title = {Gartner Says Smartphone Sales Surpassed One Billion Units in 2014},
	year = {2015},
	month = March,
	day = 03,
	howpublished = {http://www.gartner.com/newsroom/id/2996817}
}

@article{mylonas2011smartphone,
	title={Smartphone Security Evaluation-The Malware Attack Case.},
	author={Mylonas, Alexios and Dritsas, Stelios and Tsoumas, Bill and Gritzalis, Dimitris},
	journal={SECRYPT},
	volume={11},
	pages={25--36},
	year={2011}
}

@inproceedings{schmidt2010smartphone,
	title={Smartphone Malware Evolution Revisited},
	author={Schmidt, Aubrey-Derrick},
	booktitle={4. GI FG SIDAR Graduierten-Workshop {\"u}ber Reaktive Sicherheit},
	pages={9},
	year={2010}
}

@inproceedings{grimes2012apple,
	title={Are Apple's security measures sufficient to protect its mobile devices?},
	author={Grimes, Galen A},
	booktitle={Wireless Telecommunications Symposium (WTS), 2012},
	pages={1--7},
	year={2012},
	organization={IEEE}
}

@online{kaspersky-cybercrime,
	author = {Kaspersky Lab},
	title = {Why cybercriminals need YOUR smartphone â€“ an infographic},
	year = {2015},
	month = April,
	day = 06,
	howpublished = {http://blog.kaspersky.co.uk/hackers-smartphone-infographic/}
}

@online{symantec-cybercrime,
	author = {Mario Ballano},
	title = {Mobile Attacks: Cybercriminals' New Cash Cow},
	year = {2014},
	month = August,
	day = 11,
	howpublished = {http://www.symantec.com/connect/blogs/mobile-attacks-cybercriminals-new-cash-cow}
}

@online{acpo-guidlines,
	author = {Association of Chief Police Officers},
	title = {ACPO Good Practice Guide for Digital Evidence},
	year = {2014},
	month = April,
	day = 24,
	howpublished = {http://www.digital-detective.net/acpo-good-practice-guide-for-digital-evidence/}
}
@article{willems2007toward,
	title={Toward automated dynamic malware analysis using cwsandbox},
	author={Willems, Carsten and Holz, Thorsten and Freiling, Felix},
	journal={IEEE Security \& Privacy},
	number={2},
	pages={32--39},
	year={2007},
	publisher={IEEE}
}
@inproceedings{xie2013ipanda,
	title={iPanda: A comprehensive malware analysis tool},
	author={Xie, Peidai and Lu, Xicheng and Su, Jinshu and Wang, Yongjun and Li, Meijian},
	booktitle={Information Networking (ICOIN), 2013 International Conference on},
	pages={481--486},
	year={2013},
	organization={IEEE}
}
@misc{kirillov2011malware,
	title={Malware Attribute Enumeration and Characterization},
	author={Kirillov, Ivan and Beck, Desiree and Chase, Penny and Martin, Robert},
	year={2011},
	publisher={Mitre}
}
@inproceedings{amamra2012smartphone,
	title={Smartphone malware detection: From a survey towards taxonomy},
	author={Amamra, Abdelfattah and Talhi, Chamseddine and Robert, J},
	booktitle={Malicious and Unwanted Software (MALWARE), 2012 7th International Conference on},
	pages={79--86},
	year={2012},
	organization={IEEE}
}

@inproceedings{zhou2012dissecting,
	title={Dissecting android malware: Characterization and evolution},
	author={Zhou, Yajin and Jiang, Xuxian},
	booktitle={Security and Privacy (SP), 2012 IEEE Symposium on},
	pages={95--109},
	year={2012},
	organization={IEEE}
}
@inproceedings{blasing2010android,
	title={An android application sandbox system for suspicious software detection},
	author={Blasing, Thomas and Batyuk, Leonid and Schmidt, A-D and Camtepe, Seyit Ahmet and Albayrak, Sahin},
	booktitle={Malicious and unwanted software (MALWARE), 2010 5th international conference on},
	pages={55--62},
	year={2010},
	organization={IEEE}
}
@inproceedings{wu2012droidmat,
	title={Droidmat: Android malware detection through manifest and api calls tracing},
	author={Wu, Dong-Jie and Mao, Ching-Hao and Wei, Te-En and Lee, Hahn-Ming and Wu, Kuo-Ping},
	booktitle={Information Security (Asia JCIS), 2012 Seventh Asia Joint Conference on},
	pages={62--69},
	year={2012},
	organization={IEEE}
}
@inproceedings{zheng2013droid,
	title={Droid analytics: A signature based analytic system to collect, extract, analyze and associate android malware},
	author={Zheng, Min and Sun, Mingshen and Lui, John CS},
	booktitle={Trust, Security and Privacy in Computing and Communications (TrustCom), 2013 12th IEEE International Conference on},
	pages={163--171},
	year={2013},
	organization={IEEE}
}
@article{suarez2014evolution,
	title={Evolution, detection and analysis of malware for smart devices},
	author={Suarez-Tangil, Guillermo and Tapiador, Juan E and Peris-Lopez, Pedro and Ribagorda, Arturo},
	journal={Communications Surveys \& Tutorials, IEEE},
	volume={16},
	number={2},
	pages={961--987},
	year={2014},
	publisher={IEEE}
}
\end{bibliography}